<record><leader>00000cas a22000007a 4500</leader><controlfield tag="001">10156163</controlfield><controlfield tag="008">831122d18911892ksuwr ne      0   a0eng d</controlfield><datafield ind1=" " ind2=" " tag="010"><subfield code="a">sn 83040889 </subfield></datafield><datafield ind1=" " ind2=" " tag="040"><subfield code="a">KSH</subfield><subfield code="b">eng</subfield><subfield code="c">KSH</subfield><subfield code="d">NPT</subfield><subfield code="d">OCL</subfield><subfield code="d">OCLCQ</subfield></datafield><datafield ind1=" " ind2=" " tag="019"><subfield code="a">10182361</subfield></datafield><datafield ind1=" " ind2=" " tag="042"><subfield code="a">msc</subfield></datafield><datafield ind1=" " ind2=" " tag="043"><subfield code="a">n-us-ks</subfield></datafield><datafield ind1="0" ind2=" " tag="130"><subfield code="a">Advance (Morganville, Kan.)</subfield></datafield><datafield ind1="1" ind2="4" tag="245"><subfield code="a">The advance.</subfield></datafield><datafield ind1=" " ind2=" " tag="260"><subfield code="a">Morganville, Kan. :</subfield><subfield code="b">Samuel Johnson,</subfield><subfield code="c">1891-</subfield></datafield><datafield ind1=" " ind2=" " tag="300"><subfield code="a">v. ;</subfield><subfield code="c">50-54 cm.</subfield></datafield><datafield ind1=" " ind2=" " tag="310"><subfield code="a">Weekly</subfield></datafield><datafield ind1="0" ind2=" " tag="362"><subfield code="a">Vol. 2, no. 7 (Mar. 25, 1891)-v. 2, no. 39 (Dec. 26, 1891) ; v. 1, no. 1 (Jan. 13, 1892)-</subfield></datafield><datafield ind1="1" ind2=" " tag="362"><subfield code="a">Ceased with Apr. 6, 1892 issue?</subfield></datafield><datafield ind1=" " ind2=" " tag="500"><subfield code="a">Published in Miltonvale, Kan., Jan. 13-&lt;Apr. 6, 1892&gt;.</subfield></datafield><datafield ind1=" " ind2=" " tag="500"><subfield code="a">Independent.</subfield></datafield><datafield ind1=" " ind2=" " tag="500"><subfield code="a">Editor: Samuel Johnson.</subfield></datafield><datafield ind1=" " ind2=" " tag="525"><subfield code="a">Supplement accompanies Apr. 15, 1891 issue.</subfield></datafield><datafield ind1=" " ind2=" " tag="530"><subfield code="a">Available on microfilm from Micro Photo.</subfield></datafield><datafield ind1="1" ind2=" " tag="700"><subfield code="a">Johnson, Samuel.</subfield></datafield><datafield ind1=" " ind2=" " tag="752"><subfield code="a">United States</subfield><subfield code="b">Kansas</subfield><subfield code="c">Clay</subfield><subfield code="d">Morganville.</subfield></datafield><datafield ind1=" " ind2=" " tag="752"><subfield code="a">United States</subfield><subfield code="b">Kansas</subfield><subfield code="c">Cloud</subfield><subfield code="d">Miltonvale.</subfield></datafield><datafield ind1="0" ind2="0" tag="780"><subfield code="t">Bala City advance</subfield><subfield code="w">(DLC)sn 85031823</subfield></datafield></record>